
@article{ciaparrone2020deep,
	title={Deep learning in video multi-object tracking: A survey},
	author={Ciaparrone, Gioele and S{\'a}nchez, Francisco Luque and Tabik, Siham and Troiano, Luigi and Tagliaferri, Roberto and Herrera, Francisco},
	journal={Neurocomputing},
	volume={381},
	pages={61--88},
	year={2020},
	publisher={Elsevier}
}


@InProceedings{cioppa2022soccernet,
	
	title={SoccerNet-Tracking: Multiple Object Tracking Dataset and Benchmark in Soccer Videos},
	
	author={Cioppa, Anthony and Giancola, Silvio and Deliege, Adrien and Kang, Le and Zhou, Xin and Cheng, Zhiyu and Ghanem, Bernard and Van Droogenbroeck, Marc},
	
	booktitle={Proceedings of the IEEE/CVF Conference on Computer Vision and Pattern Recognition},
	
	pages={3491--3502},
	
	year={2022}
	
}

